<?xml version="1.0" encoding="UTF-8"?><collection xmlns="http://www.loc.gov/MARC21/slim"><record><leader>00329nam--2200121-i-4500</leader><controlfield tag="001">000004951</controlfield><controlfield tag="002">20161230</controlfield><controlfield tag="005">20161230201026</controlfield><controlfield tag="008">060222s1000------------r-----000-0-eng-d</controlfield><datafield ind1=" " ind2=" " tag="245"><subfield code="a">Low temperature physics and chemistry</subfield></datafield><datafield ind1=" " ind2=" " tag="260"><subfield code="a">Madison, The University Of Wisconsin Press, 1958</subfield></datafield><datafield ind1=" " ind2=" " tag="490"><subfield code="a">Xxv+676p</subfield></datafield><datafield ind1=" " ind2=" " tag="700"><subfield code="a">Dillinger, Joseph R</subfield></datafield></record></collection>